@article{neural-gas-T.Martinetz-K.Schulten,
  author = 	 {Thomas Martinetz; Klaus Schulten},
  title = 	 {A "Neural-Gas" Network Learns Topologies},
  year =	 1991,
  pages =	 "397--402",
  note = 	 {\href{http://www.ks.uiuc.edu/Publications/Papers/PDF/MART91B/MART91B.pdf}{http://www.ks.uiuc.edu/Publications/Papers/PDF/MART91B/MART91B.pdf}},
}

@Misc{ru.wikipedia.org,
  author = 	 {Katikd; Pasteurizer; Zeta Fiolis; A5b; Longbowman; A.I.; EmausBot; MBHbot; Maxc~ruwiki; TemirovBot; NapalmBot; MBHbot; KonstantinSer; Sergey-shmakov; Zboris; Dmottl; Andrzej Downarowicz; WikisaurusBot},
  title = 	 {{Нейронный газ}},
  note = 	 {\href{https://ru.wikipedia.org/wiki/Нейронный_газ}{https://ru.wikipedia.org/wiki/Нейронный\_газ}},
}

@Misc{gng-subbotin,
  author = 	 {Alexey Subbotin},
  title = 	 {Растущий нейронный газ - реализация на языке программирования MQL5},
  note = 	 {\href{https://www.mql5.com/ru/articles/163}{https://www.mql5.com/ru/articles/163}},
}
